@article{dijkstraNoteTwoProblems1959,
  title = {A Note on Two Problems in Connexion with Graphs},
  author = {Dijkstra, E. W.},
  date = {1959-12-01},
  journaltitle = {Numerical Mathematics},
  shortjournal = {Numerical Mathematics},
  volume = {1},
  number = {1},
  pages = {269--271},
  issn = {0945-3245},
  doi = {10.1007/BF01386390}
}

@misc{mouatadidDynamicProgrammingWeighted,
  title = {Dynamic {{Programming}}: {{Weighted Interval Scheduling}}},
  author = {Mouatadid, Lalla},
  url = {https://www.cs.toronto.edu/~lalla/373s16/notes/WIS.pdf},
  urldate = {2023-11-07},
  langid = {english},
  file = {/home/leonhma/Zotero/storage/ZSMIQW5T/Mouatadid - Dynamic Programming Weighted Interval Scheduling.pdf}
}
