@misc{mouatadidDynamicProgrammingWeighted,
  title = {Dynamic {{Programming}}: {{Weighted Interval Scheduling}}},
  author = {Mouatadid, Lalla},
  url = {https://www.cs.toronto.edu/~lalla/373s16/notes/WIS.pdf},
  urldate = {2023-11-07},
  langid = {english},
  file = {/home/leonhma/Zotero/storage/ZSMIQW5T/Mouatadid - Dynamic Programming Weighted Interval Scheduling.pdf}
}
